
      <record>
         <leader>00000nz  a2200169   4500</leader>
         <controlfield tag="001">30000427</controlfield>
         <controlfield tag="003">RISM</controlfield>
         <controlfield tag="005">20160216</controlfield>
         <controlfield tag="008">160216n||az|||||||##########||||||||||||</controlfield>
         <datafield tag="040" ind1=" " ind2=" ">
            <subfield code="a">B-Aac</subfield>
         </datafield>
         <datafield tag="043" ind1=" " ind2=" ">
            <subfield code="c">XA-BE</subfield>
         </datafield>
         <datafield tag="110" ind1="2" ind2=" ">
            <subfield code="a">Archief en Museum voor het Vlaamse Cultuurleven</subfield>
            <subfield code="c">Antwerpen</subfield>
            <subfield code="g">B-Aac</subfield>
         </datafield>
         <datafield tag="622" ind1=" " ind2=" ">
            <subfield code="e">Archief en Museum voor het Vlaamse,  Cultuurleven, Minderbroedersstraat 22, 2000 Antwerpen, Belgium</subfield>
         </datafield>
      </record>