
      <record>
         <leader>00000nz  a2200169   4500</leader>
         <controlfield tag="001">30006656</controlfield>
         <controlfield tag="003">RISM</controlfield>
         <controlfield tag="005">20160216</controlfield>
         <controlfield tag="008">160216n||az|||||||##########||||||||||||</controlfield>
         <datafield tag="040" ind1=" " ind2=" ">
            <subfield code="a">B-AAksa</subfield>
         </datafield>
         <datafield tag="043" ind1=" " ind2=" ">
            <subfield code="c">XA-BE</subfield>
         </datafield>
         <datafield tag="110" ind1="2" ind2=" ">
            <subfield code="a">Sint-Annakerk</subfield>
            <subfield code="c">Aalst</subfield>
            <subfield code="g">B-AAksa</subfield>
         </datafield>
         <datafield tag="622" ind1=" " ind2=" ">
            <subfield code="e">Sint-Annakerk, Boudewijnlaan 15, 9300 Aalst, Belgium</subfield>
            <subfield code="u">http://www.sint-anna-aalst.be/index.html</subfield>
         </datafield>
      </record>