
      <record>
         <leader>00000nz  a2200169   4500</leader>
         <controlfield tag="001">30006673</controlfield>
         <controlfield tag="003">RISM</controlfield>
         <controlfield tag="005">20160216</controlfield>
         <controlfield tag="008">160216n||az|||||||##########||||||||||||</controlfield>
         <datafield tag="040" ind1=" " ind2=" ">
            <subfield code="a">B-Abr</subfield>
         </datafield>
         <datafield tag="043" ind1=" " ind2=" ">
            <subfield code="c">XA-BE</subfield>
         </datafield>
         <datafield tag="110" ind1="2" ind2=" ">
            <subfield code="a">Bibliotheek van het Ruusbroecgenootschap</subfield>
            <subfield code="c">Antwerpen</subfield>
            <subfield code="g">B-Abr</subfield>
         </datafield>
         <datafield tag="622" ind1=" " ind2=" ">
            <subfield code="e">Bibliotheek van het Ruusbroecgenootschap, Grote Kauwenberg 32, Antwerpen, Belgium</subfield>
            <subfield code="u">http://www.ua.ac.be/ruusbroec</subfield>
         </datafield>
      </record>