
      <record>
         <leader>00000nz  a2200169   4500</leader>
         <controlfield tag="001">30006482</controlfield>
         <controlfield tag="003">RISM</controlfield>
         <controlfield tag="005">20160216</controlfield>
         <controlfield tag="008">160216n||az|||||||##########||||||||||||</controlfield>
         <datafield tag="040" ind1=" " ind2=" ">
            <subfield code="a">B-AF</subfield>
         </datafield>
         <datafield tag="043" ind1=" " ind2=" ">
            <subfield code="c">XA-BE</subfield>
         </datafield>
         <datafield tag="110" ind1="2" ind2=" ">
            <subfield code="a">Alamire Foundation</subfield>
            <subfield code="c">Leuven</subfield>
            <subfield code="g">B-AF</subfield>
         </datafield>
         <datafield tag="622" ind1=" " ind2=" ">
            <subfield code="e">Alamire Foundation, P.B. 5591, Mgr Ladeuzeplein 21, 3000 Leuven, Belgium</subfield>
            <subfield code="u">http://www.alamirefoundation.org/</subfield>
         </datafield>
      </record>