
      <record>
         <leader>00000nz  a2200169   4500</leader>
         <controlfield tag="001">30000429</controlfield>
         <controlfield tag="003">RISM</controlfield>
         <controlfield tag="005">20160216</controlfield>
         <controlfield tag="008">160216n||az|||||||##########||||||||||||</controlfield>
         <datafield tag="040" ind1=" " ind2=" ">
            <subfield code="a">B-Ak</subfield>
         </datafield>
         <datafield tag="043" ind1=" " ind2=" ">
            <subfield code="c">XA-BE</subfield>
         </datafield>
         <datafield tag="110" ind1="2" ind2=" ">
            <subfield code="a">Onze-Lieve-Vrouwekathedraal, Archief</subfield>
            <subfield code="c">Antwerpen</subfield>
            <subfield code="g">B-Ak</subfield>
         </datafield>
         <datafield tag="580" ind1=" " ind2=" ">
            <subfield code="x">B-Au</subfield>
            <subfield code="0">30002063</subfield>
         </datafield>
      </record>