
      <record>
         <leader>00000nz  a2200169   4500</leader>
         <controlfield tag="001">30060546</controlfield>
         <controlfield tag="003">RISM</controlfield>
         <controlfield tag="005">20160216</controlfield>
         <controlfield tag="008">160216n||az|||||||##########||||||||||||</controlfield>
         <datafield tag="040" ind1=" " ind2=" ">
            <subfield code="a">B-Amv</subfield>
         </datafield>
         <datafield tag="043" ind1=" " ind2=" ">
            <subfield code="c">BE</subfield>
         </datafield>
         <datafield tag="110" ind1="2" ind2=" ">
            <subfield code="a">Museum Vleeshuis</subfield>
            <subfield code="c">Antwerpen</subfield>
            <subfield code="g">B-Amv</subfield>
         </datafield>
         <datafield tag="622" ind1=" " ind2=" ">
            <subfield code="e">Museum Vleeshuis, Vleeshouwersstraat 38-40, 2000 Antwerpen, Belgium</subfield>
         </datafield>
      </record>