
      <record>
         <leader>00000nz  a2200169   4500</leader>
         <controlfield tag="001">30003230</controlfield>
         <controlfield tag="003">RISM</controlfield>
         <controlfield tag="005">20160216</controlfield>
         <controlfield tag="008">160216n||az|||||||##########||||||||||||</controlfield>
         <datafield tag="040" ind1=" " ind2=" ">
            <subfield code="a">B-AN</subfield>
         </datafield>
         <datafield tag="043" ind1=" " ind2=" ">
            <subfield code="c">XA-BE</subfield>
         </datafield>
         <datafield tag="110" ind1="2" ind2=" ">
            <subfield code="a">St. Guido- en St. Pieterskerk</subfield>
            <subfield code="c">Anderlecht</subfield>
            <subfield code="g">B-AN</subfield>
         </datafield>
         <datafield tag="622" ind1=" " ind2=" ">
            <subfield code="e">St. Guido- en St. Pieterskerk, Dapperheidsplein, Anderlecht, Belgium</subfield>
         </datafield>
      </record>