
      <record>
         <leader>00000nz  a2200169   4500</leader>
         <controlfield tag="001">30000432</controlfield>
         <controlfield tag="003">RISM</controlfield>
         <controlfield tag="005">20160216</controlfield>
         <controlfield tag="008">160216n||az|||||||##########||||||||||||</controlfield>
         <datafield tag="040" ind1=" " ind2=" ">
            <subfield code="a">B-Apersoons</subfield>
         </datafield>
         <datafield tag="043" ind1=" " ind2=" ">
            <subfield code="c">XA-BE</subfield>
         </datafield>
         <datafield tag="110" ind1="2" ind2=" ">
            <subfield code="a">Privébibliotheek Guido Persoons</subfield>
            <subfield code="c">Antwerpen</subfield>
            <subfield code="g">B-Apersoons</subfield>
         </datafield>
         <datafield tag="410" ind1="2" ind2=" ">
            <subfield code="a">Guido Persoons, private collection</subfield>
         </datafield>
         <datafield tag="622" ind1=" " ind2=" ">
            <subfield code="e">Privébibliotheek Guido Persoons, Belpairestraat 76, 2000 Antwerpen, Belgium</subfield>
         </datafield>
      </record>