
      <record>
         <leader>00000nz  a2200169   4500</leader>
         <controlfield tag="001">30000028</controlfield>
         <controlfield tag="003">RISM</controlfield>
         <controlfield tag="005">20160216</controlfield>
         <controlfield tag="008">160216n||az|||||||##########||||||||||||</controlfield>
         <datafield tag="040" ind1=" " ind2=" ">
            <subfield code="a">B-Asvm</subfield>
         </datafield>
         <datafield tag="043" ind1=" " ind2=" ">
            <subfield code="c">XA-BE</subfield>
         </datafield>
         <datafield tag="110" ind1="2" ind2=" ">
            <subfield code="a">Studiecentrum voor Vlaamse Muziek</subfield>
            <subfield code="c">Antwerpen</subfield>
            <subfield code="g">B-Asvm</subfield>
         </datafield>
         <datafield tag="622" ind1=" " ind2=" ">
            <subfield code="e">Studiecentrum voor Vlaamse Muziek, Desguinlei 25, 2018 Antwerpen, Belgium</subfield>
            <subfield code="u">http://www.svm.be</subfield>
         </datafield>
      </record>