
      <record>
         <leader>00000nz  a2200169   4500</leader>
         <controlfield tag="001">30000436</controlfield>
         <controlfield tag="003">RISM</controlfield>
         <controlfield tag="005">20160216</controlfield>
         <controlfield tag="008">160216n||az|||||||##########||||||||||||</controlfield>
         <datafield tag="040" ind1=" " ind2=" ">
            <subfield code="a">B-Averwilt</subfield>
         </datafield>
         <datafield tag="043" ind1=" " ind2=" ">
            <subfield code="c">XA-BE</subfield>
         </datafield>
         <datafield tag="110" ind1="2" ind2=" ">
            <subfield code="a">Privébibliotheek F. Verwilt</subfield>
            <subfield code="c">Antwerpen</subfield>
            <subfield code="g">B-Averwilt</subfield>
         </datafield>
         <datafield tag="410" ind1="2" ind2=" ">
            <subfield code="a">F. Verwilt, private collection</subfield>
         </datafield>
         <datafield tag="622" ind1=" " ind2=" ">
            <subfield code="e">Privébibliotheek F. Verwilt, Groenendaallaan 252, 2030 Antwerpen, Belgium</subfield>
         </datafield>
      </record>