
      <record>
         <leader>00000nz  a2200169   4500</leader>
         <controlfield tag="001">30077170</controlfield>
         <controlfield tag="003">RISM</controlfield>
         <controlfield tag="005">20160216</controlfield>
         <controlfield tag="008">160216n||az|||||||##########||||||||||||</controlfield>
         <datafield tag="040" ind1=" " ind2=" ">
            <subfield code="a">B-AVna</subfield>
         </datafield>
         <datafield tag="043" ind1=" " ind2=" ">
            <subfield code="c">XA-BE</subfield>
         </datafield>
         <datafield tag="110" ind1="2" ind2=" ">
            <subfield code="a">Norbertijnenabdij, bibliotheek en archief</subfield>
            <subfield code="c">Averbode</subfield>
            <subfield code="g">B-AVna</subfield>
         </datafield>
         <datafield tag="622" ind1=" " ind2=" ">
            <subfield code="e">Norbertijnenabdij, bibliotheek en, archief, Abdijstraat 1, 3271 Averbode, Belgium</subfield>
            <subfield code="u">http://www.abdijaverbode.be/intro.php</subfield>
         </datafield>
      </record>