
      <record>
         <leader>00000nz  a2200169   4500</leader>
         <controlfield tag="001">30000437</controlfield>
         <controlfield tag="003">RISM</controlfield>
         <controlfield tag="005">20160216</controlfield>
         <controlfield tag="008">160216n||az|||||||##########||||||||||||</controlfield>
         <datafield tag="040" ind1=" " ind2=" ">
            <subfield code="a">B-Ba</subfield>
         </datafield>
         <datafield tag="043" ind1=" " ind2=" ">
            <subfield code="c">XA-BE</subfield>
         </datafield>
         <datafield tag="110" ind1="2" ind2=" ">
            <subfield code="a">Archives de la Ville</subfield>
            <subfield code="c">Bruxelles</subfield>
            <subfield code="g">B-Ba</subfield>
         </datafield>
         <datafield tag="410" ind1="2" ind2=" ">
            <subfield code="a">Het Archief van de Stad Brussel&#xD;</subfield>
         </datafield>
         <datafield tag="622" ind1=" " ind2=" ">
            <subfield code="e">Archives de la Ville, Rue des Tanneurs, 65, 1000 Bruxelles, Belgium</subfield>
            <subfield code="u">http://archives.bruxelles.be</subfield>
         </datafield>
      </record>