
      <record>
         <leader>00000nz  a2200169   4500</leader>
         <controlfield tag="001">30078048</controlfield>
         <controlfield tag="003">RISM</controlfield>
         <controlfield tag="005">20160216</controlfield>
         <controlfield tag="008">160216n||az|||||||##########||||||||||||</controlfield>
         <datafield tag="040" ind1=" " ind2=" ">
            <subfield code="a">B-Baeb</subfield>
         </datafield>
         <datafield tag="043" ind1=" " ind2=" ">
            <subfield code="c">BE</subfield>
         </datafield>
         <datafield tag="110" ind1="2" ind2=" ">
            <subfield code="a">Archives de l'État en Belgique</subfield>
            <subfield code="c">Bruxelles</subfield>
            <subfield code="g">B-Baeb</subfield>
         </datafield>
         <datafield tag="410" ind1="2" ind2=" ">
            <subfield code="a">Het Rijksarchief in België</subfield>
         </datafield>
         <datafield tag="622" ind1=" " ind2=" ">
            <subfield code="e">Archives de l'État en Belgique, Rue de Ruysbroeck, 2, 1000 Bruxelles, Belgium</subfield>
            <subfield code="u">http://arch.arch.be/</subfield>
         </datafield>
      </record>