
      <record>
         <leader>00000nz  a2200169   4500</leader>
         <controlfield tag="001">30080322</controlfield>
         <controlfield tag="003">RISM</controlfield>
         <controlfield tag="005">20160216</controlfield>
         <controlfield tag="008">160216n||az|||||||##########||||||||||||</controlfield>
         <datafield tag="040" ind1=" " ind2=" ">
            <subfield code="a">B-Bapr</subfield>
         </datafield>
         <datafield tag="043" ind1=" " ind2=" ">
            <subfield code="c">BE</subfield>
         </datafield>
         <datafield tag="110" ind1="2" ind2=" ">
            <subfield code="a">Archives du Palais royal</subfield>
            <subfield code="c">Bruxelles</subfield>
            <subfield code="g">B-Bapr</subfield>
         </datafield>
         <datafield tag="622" ind1=" " ind2=" ">
            <subfield code="e">Archives du Palais royal, Rue Ducale, 2, 1000 Bruxelles, Belgium</subfield>
            <subfield code="u">http://www.arch.be/index.php?l=fr&amp;m=en-pratique&amp;r=nos-salles-de-lecture&amp;d=palais-royal</subfield>
         </datafield>
      </record>