
      <record>
         <leader>00000nz  a2200169   4500</leader>
         <controlfield tag="001">30002601</controlfield>
         <controlfield tag="003">RISM</controlfield>
         <controlfield tag="005">20160216</controlfield>
         <controlfield tag="008">160216n||az|||||||##########||||||||||||</controlfield>
         <datafield tag="040" ind1=" " ind2=" ">
            <subfield code="a">B-Bb</subfield>
         </datafield>
         <datafield tag="043" ind1=" " ind2=" ">
            <subfield code="c">XA-BE</subfield>
         </datafield>
         <datafield tag="110" ind1="2" ind2=" ">
            <subfield code="a">Société des Bollandistes, Bibliothèque</subfield>
            <subfield code="c">Bruxelles</subfield>
            <subfield code="g">B-Bb</subfield>
         </datafield>
         <datafield tag="410" ind1="2" ind2=" ">
            <subfield code="a">Couvent St. Michel de la Compagnie de Jésus (Bollandistes)</subfield>
         </datafield>
         <datafield tag="622" ind1=" " ind2=" ">
            <subfield code="e">Société des Bollandistes, Bibliothèque, Bd. Saint-Michel 24, 1040 Bruxelles, Belgium</subfield>
            <subfield code="u">http://www.kbr.be/~socboll/index.php</subfield>
         </datafield>
      </record>