
      <record>
         <leader>00000nz  a2200169   4500</leader>
         <controlfield tag="001">30000438</controlfield>
         <controlfield tag="003">RISM</controlfield>
         <controlfield tag="005">20160216</controlfield>
         <controlfield tag="008">160216n||az|||||||##########||||||||||||</controlfield>
         <datafield tag="040" ind1=" " ind2=" ">
            <subfield code="a">B-Bc</subfield>
         </datafield>
         <datafield tag="043" ind1=" " ind2=" ">
            <subfield code="c">XA-BE</subfield>
            <subfield code="c">BE</subfield>
         </datafield>
         <datafield tag="110" ind1="2" ind2=" ">
            <subfield code="a">Conservatoire royal de Bruxelles, Bibliothèque - Koninklijk Conservatorium Brussel, Bibliotheek</subfield>
            <subfield code="c">Bruxelles</subfield>
            <subfield code="g">B-Bc</subfield>
         </datafield>
         <datafield tag="410" ind1="2" ind2=" ">
            <subfield code="a">Conservatoire royal de Musique, Bibliothèque</subfield>
         </datafield>
         <datafield tag="622" ind1=" " ind2=" ">
            <subfield code="e">Conservatoire royal de Bruxelles,,  Bibliothèque, Rue de la Régence 30, 1000 Bruxelles, Belgium</subfield>
            <subfield code="u">http://www.conservatoire.be</subfield>
         </datafield>
      </record>