
      <record>
         <leader>00000nz  a2200169   4500</leader>
         <controlfield tag="001">30000439</controlfield>
         <controlfield tag="003">RISM</controlfield>
         <controlfield tag="005">20160216</controlfield>
         <controlfield tag="008">160216n||az|||||||##########||||||||||||</controlfield>
         <datafield tag="040" ind1=" " ind2=" ">
            <subfield code="a">B-Bcdm</subfield>
         </datafield>
         <datafield tag="043" ind1=" " ind2=" ">
            <subfield code="c">XA-BE</subfield>
         </datafield>
         <datafield tag="110" ind1="2" ind2=" ">
            <subfield code="a">CeBeDeM (Centre Belge de Documentation Musicale)</subfield>
            <subfield code="c">Bruxelles</subfield>
            <subfield code="g">B-Bcdm</subfield>
         </datafield>
         <datafield tag="410" ind1="2" ind2=" ">
            <subfield code="a">Belgisch Centrum voor Muziekdocumentatie</subfield>
         </datafield>
         <datafield tag="580" ind1=" " ind2=" ">
            <subfield code="x">B-Bc</subfield>
            <subfield code="0">30000438</subfield>
         </datafield>
         <datafield tag="622" ind1=" " ind2=" ">
            <subfield code="u">http://muzikaalerfgoed.be/nieuws/21-09-2015/componistenverenigingcebedemstoptermee</subfield>
         </datafield>
      </record>