
      <record>
         <leader>00000nz  a2200169   4500</leader>
         <controlfield tag="001">30080610</controlfield>
         <controlfield tag="003">RISM</controlfield>
         <controlfield tag="005">20160216</controlfield>
         <controlfield tag="008">160216n||az|||||||##########||||||||||||</controlfield>
         <datafield tag="040" ind1=" " ind2=" ">
            <subfield code="a">B-Bcj</subfield>
         </datafield>
         <datafield tag="043" ind1=" " ind2=" ">
            <subfield code="c">XA-BE</subfield>
         </datafield>
         <datafield tag="110" ind1="2" ind2=" ">
            <subfield code="a">Compagnie de Jésus - Archives de la Province belge méridionale et du Luxembourg (ABML)</subfield>
            <subfield code="c">Bruxelles</subfield>
            <subfield code="g">B-Bcj</subfield>
         </datafield>
         <datafield tag="622" ind1=" " ind2=" ">
            <subfield code="e">Compagnie de Jésus - Archives de la,  Province belge méridionale et du,  Luxembourg (ABML), Rue André Fauchilles, 6, 1150 Bruxelles, Belgium</subfield>
            <subfield code="u">http://www.jesuites.be/Apercu-des-fonds-historiques.html</subfield>
         </datafield>
      </record>