
      <record>
         <leader>00000nz  a2200169   4500</leader>
         <controlfield tag="001">30080609</controlfield>
         <controlfield tag="003">RISM</controlfield>
         <controlfield tag="005">20160216</controlfield>
         <controlfield tag="008">160216n||az|||||||##########||||||||||||</controlfield>
         <datafield tag="040" ind1=" " ind2=" ">
            <subfield code="a">B-BEcb</subfield>
         </datafield>
         <datafield tag="043" ind1=" " ind2=" ">
            <subfield code="c">XA-BE</subfield>
         </datafield>
         <datafield tag="110" ind1="2" ind2=" ">
            <subfield code="a">Château de Belœil des Princes de Ligne</subfield>
            <subfield code="c">Belœil</subfield>
            <subfield code="g">B-BEcb</subfield>
         </datafield>
         <datafield tag="622" ind1=" " ind2=" ">
            <subfield code="e">Château de Belœil des Princes de Ligne, Rue Du Château 11, 7970 Belœil, Belgium</subfield>
            <subfield code="u">http://www.chateaudebeloeil.com/</subfield>
         </datafield>
      </record>