
      <record>
         <leader>00000nz  a2200169   4500</leader>
         <controlfield tag="001">30003231</controlfield>
         <controlfield tag="003">RISM</controlfield>
         <controlfield tag="005">20160216</controlfield>
         <controlfield tag="008">160216n||az|||||||##########||||||||||||</controlfield>
         <datafield tag="040" ind1=" " ind2=" ">
            <subfield code="a">B-Bg</subfield>
         </datafield>
         <datafield tag="043" ind1=" " ind2=" ">
            <subfield code="c">XA-BE</subfield>
         </datafield>
         <datafield tag="110" ind1="2" ind2=" ">
            <subfield code="a">Cathedralis SS. Michaelis et Gudulae</subfield>
            <subfield code="c">Bruxelles</subfield>
            <subfield code="g">B-Bg</subfield>
         </datafield>
         <datafield tag="410" ind1="2" ind2=" ">
            <subfield code="a">Cathédrale des Saints Michel et Gudule</subfield>
         </datafield>
         <datafield tag="410" ind1="2" ind2=" ">
            <subfield code="a">Sint-Michiels en Sint Goedelekathedraal</subfield>
         </datafield>
         <datafield tag="410" ind1="2" ind2=" ">
            <subfield code="a">Kathedrale St. Michael und St. Gudula</subfield>
         </datafield>
         <datafield tag="580" ind1=" " ind2=" ">
            <subfield code="x">B-Br</subfield>
            <subfield code="0">30000440</subfield>
         </datafield>
         <datafield tag="580" ind1=" " ind2=" ">
            <subfield code="x">B-Bc</subfield>
            <subfield code="0">30000438</subfield>
         </datafield>
      </record>