
      <record>
         <leader>00000nz  a2200169   4500</leader>
         <controlfield tag="001">30080436</controlfield>
         <controlfield tag="003">RISM</controlfield>
         <controlfield tag="005">20160216</controlfield>
         <controlfield tag="008">160216n||az|||||||##########||||||||||||</controlfield>
         <datafield tag="040" ind1=" " ind2=" ">
            <subfield code="a">B-Bmim</subfield>
         </datafield>
         <datafield tag="043" ind1=" " ind2=" ">
            <subfield code="c">BE</subfield>
         </datafield>
         <datafield tag="110" ind1="2" ind2=" ">
            <subfield code="a">Musée des Instruments de Musique (Le mim) - Bibliothèque</subfield>
            <subfield code="c">Bruxelles</subfield>
            <subfield code="g">B-Bmim</subfield>
         </datafield>
         <datafield tag="410" ind1="2" ind2=" ">
            <subfield code="a">Muziekinstrumentenmuseum (mim) - Bibliotheek</subfield>
         </datafield>
         <datafield tag="622" ind1=" " ind2=" ">
            <subfield code="e">Musée des Instruments de Musique, (Le mim) - Bibliothèque, Montagne de la Cour 2, 1000 Bruxelles, Belgium</subfield>
            <subfield code="u">http://www.mim.be/fr</subfield>
         </datafield>
      </record>