
      <record>
         <leader>00000nz  a2200169   4500</leader>
         <controlfield tag="001">30077465</controlfield>
         <controlfield tag="003">RISM</controlfield>
         <controlfield tag="005">20160216</controlfield>
         <controlfield tag="008">160216n||az|||||||##########||||||||||||</controlfield>
         <datafield tag="040" ind1=" " ind2=" ">
            <subfield code="a">B-BO</subfield>
         </datafield>
         <datafield tag="043" ind1=" " ind2=" ">
            <subfield code="c">BE</subfield>
         </datafield>
         <datafield tag="110" ind1="2" ind2=" ">
            <subfield code="a">Archief van de Sint-Bernardusabdij</subfield>
            <subfield code="c">Bornem</subfield>
            <subfield code="g">B-BO</subfield>
         </datafield>
         <datafield tag="622" ind1=" " ind2=" ">
            <subfield code="e">Archief van de Sint-Bernardusabdij, Kloosterstraat 71, 2880 Bornem, Belgium</subfield>
         </datafield>
      </record>