
      <record>
         <leader>00000nz  a2200169   4500</leader>
         <controlfield tag="001">30000440</controlfield>
         <controlfield tag="003">RISM</controlfield>
         <controlfield tag="005">20160216</controlfield>
         <controlfield tag="008">160216n||az|||||||##########||||||||||||</controlfield>
         <datafield tag="040" ind1=" " ind2=" ">
            <subfield code="a">B-Br</subfield>
         </datafield>
         <datafield tag="043" ind1=" " ind2=" ">
            <subfield code="c">BE</subfield>
            <subfield code="c">XA-BE</subfield>
         </datafield>
         <datafield tag="110" ind1="2" ind2=" ">
            <subfield code="a">Bibliothèque royale de Belgique</subfield>
            <subfield code="c">Bruxelles</subfield>
            <subfield code="g">B-Br</subfield>
         </datafield>
         <datafield tag="410" ind1="2" ind2=" ">
            <subfield code="a">Bibliothèque royale Albert 1.er</subfield>
         </datafield>
         <datafield tag="410" ind1="2" ind2=" ">
            <subfield code="a">Koninklijke Bibliotheek Albert I</subfield>
         </datafield>
         <datafield tag="410" ind1="2" ind2=" ">
            <subfield code="a">Koninklijke Bibliotheek van België</subfield>
         </datafield>
         <datafield tag="622" ind1=" " ind2=" ">
            <subfield code="e">Bibliothèque royale de Belgique, 4 Boulevard de l' Empereur, 1000 Bruxelles, Belgium</subfield>
            <subfield code="u">http://www.kbr.be/</subfield>
         </datafield>
      </record>