
      <record>
         <leader>00000nz  a2200169   4500</leader>
         <controlfield tag="001">30077466</controlfield>
         <controlfield tag="003">RISM</controlfield>
         <controlfield tag="005">20160216</controlfield>
         <controlfield tag="008">160216n||az|||||||##########||||||||||||</controlfield>
         <datafield tag="040" ind1=" " ind2=" ">
            <subfield code="a">B-BRsa</subfield>
         </datafield>
         <datafield tag="043" ind1=" " ind2=" ">
            <subfield code="c">BE</subfield>
         </datafield>
         <datafield tag="110" ind1="2" ind2=" ">
            <subfield code="a">Stadsarchief</subfield>
            <subfield code="c">Brugge</subfield>
            <subfield code="g">B-BRsa</subfield>
         </datafield>
         <datafield tag="622" ind1=" " ind2=" ">
            <subfield code="e">Stadsarchief, Burg 11A, 8000 Brugge, Belgium</subfield>
            <subfield code="u">http://www.brugge.be/internet/nl/cultuur_sport_jeugd/Stadsarchief/index.htm</subfield>
         </datafield>
      </record>