
      <record>
         <leader>00000nz  a2200169   4500</leader>
         <controlfield tag="001">30003235</controlfield>
         <controlfield tag="003">RISM</controlfield>
         <controlfield tag="005">20160216</controlfield>
         <controlfield tag="008">160216n||az|||||||##########||||||||||||</controlfield>
         <datafield tag="040" ind1=" " ind2=" ">
            <subfield code="a">B-Brtb</subfield>
         </datafield>
         <datafield tag="043" ind1=" " ind2=" ">
            <subfield code="c">XA-BE</subfield>
         </datafield>
         <datafield tag="110" ind1="2" ind2=" ">
            <subfield code="a">Radiodiffusion-Télévision Belge</subfield>
            <subfield code="c">Bruxelles</subfield>
            <subfield code="g">B-Brtb</subfield>
         </datafield>
         <datafield tag="410" ind1="2" ind2=" ">
            <subfield code="a">Belgische Radio en Televisie</subfield>
         </datafield>
      </record>