
      <record>
         <leader>00000nz  a2200169   4500</leader>
         <controlfield tag="001">30080611</controlfield>
         <controlfield tag="003">RISM</controlfield>
         <controlfield tag="005">20160216</controlfield>
         <controlfield tag="008">160216n||az|||||||##########||||||||||||</controlfield>
         <datafield tag="040" ind1=" " ind2=" ">
            <subfield code="a">B-Ccc</subfield>
         </datafield>
         <datafield tag="043" ind1=" " ind2=" ">
            <subfield code="c">XA-BE</subfield>
         </datafield>
         <datafield tag="110" ind1="2" ind2=" ">
            <subfield code="a">Château de Chimay des Princes de Chimay</subfield>
            <subfield code="c">Chimay</subfield>
            <subfield code="g">B-Ccc</subfield>
         </datafield>
         <datafield tag="622" ind1=" " ind2=" ">
            <subfield code="e">Château de Chimay des Princes de Chimay, Rue du Château, 6460 Chimay, Belgium</subfield>
            <subfield code="u">http://www.chateaudechimay.be/</subfield>
         </datafield>
      </record>