
      <record>
         <leader>00000nz  a2200169   4500</leader>
         <controlfield tag="001">30005257</controlfield>
         <controlfield tag="003">RISM</controlfield>
         <controlfield tag="005">20160216</controlfield>
         <controlfield tag="008">160216n||az|||||||##########||||||||||||</controlfield>
         <datafield tag="040" ind1=" " ind2=" ">
            <subfield code="a">B-Earenberg</subfield>
         </datafield>
         <datafield tag="043" ind1=" " ind2=" ">
            <subfield code="c">XA-BE</subfield>
         </datafield>
         <datafield tag="110" ind1="2" ind2=" ">
            <subfield code="a">Archives d'Arenberg</subfield>
            <subfield code="c">Enghien</subfield>
            <subfield code="g">B-Earenberg</subfield>
         </datafield>
         <datafield tag="622" ind1=" " ind2=" ">
            <subfield code="e">Archives d'Arenberg, Rue de l'Yser 8, 7850 Enghien, Belgium</subfield>
            <subfield code="u">http://www.arenbergcenter.com/</subfield>
         </datafield>
      </record>