
      <record>
         <leader>00000nz  a2200169   4500</leader>
         <controlfield tag="001">30080612</controlfield>
         <controlfield tag="003">RISM</controlfield>
         <controlfield tag="005">20160216</controlfield>
         <controlfield tag="008">160216n||az|||||||##########||||||||||||</controlfield>
         <datafield tag="040" ind1=" " ind2=" ">
            <subfield code="a">B-ELc</subfield>
         </datafield>
         <datafield tag="043" ind1=" " ind2=" ">
            <subfield code="c">XA-BE</subfield>
         </datafield>
         <datafield tag="110" ind1="2" ind2=" ">
            <subfield code="a">Château-fort d'Écaussines-Lalaing, Archives</subfield>
            <subfield code="c">Écaussines-Lalaing</subfield>
            <subfield code="g">B-ELc</subfield>
         </datafield>
         <datafield tag="622" ind1=" " ind2=" ">
            <subfield code="e">Château-fort d'Écaussines-Lalaing,,  Archives, Fondation, 1 rue de Seneffe, 7191 Écaussines-Lalaing, Belgium</subfield>
            <subfield code="u">http://www.chateaufort-ecaussinnes.be/</subfield>
         </datafield>
      </record>