
      <record>
         <leader>00000nz  a2200169   4500</leader>
         <controlfield tag="001">30000445</controlfield>
         <controlfield tag="003">RISM</controlfield>
         <controlfield tag="005">20160216</controlfield>
         <controlfield tag="008">160216n||az|||||||##########||||||||||||</controlfield>
         <datafield tag="040" ind1=" " ind2=" ">
            <subfield code="a">B-Geb</subfield>
         </datafield>
         <datafield tag="043" ind1=" " ind2=" ">
            <subfield code="c">XA-BE</subfield>
         </datafield>
         <datafield tag="110" ind1="2" ind2=" ">
            <subfield code="a">Archief van de Sint-Baafskathedraal</subfield>
            <subfield code="c">Gent</subfield>
            <subfield code="g">B-Geb</subfield>
         </datafield>
         <datafield tag="410" ind1="2" ind2=" ">
            <subfield code="a">Archief van het Bisdom Gent</subfield>
         </datafield>
         <datafield tag="410" ind1="2" ind2=" ">
            <subfield code="a">St. Baafsarchief med Bibliotheek Van Damme</subfield>
         </datafield>
         <datafield tag="410" ind1="2" ind2=" ">
            <subfield code="a">Archives St. Bavon</subfield>
         </datafield>
         <datafield tag="622" ind1=" " ind2=" ">
            <subfield code="e">Archief van de Sint-Baafskathedraal, Bisdomplein 1, 9000 Gent, Belgium</subfield>
         </datafield>
      </record>