
      <record>
         <leader>00000nz  a2200169   4500</leader>
         <controlfield tag="001">30077171</controlfield>
         <controlfield tag="003">RISM</controlfield>
         <controlfield tag="005">20160216</controlfield>
         <controlfield tag="008">160216n||az|||||||##########||||||||||||</controlfield>
         <datafield tag="040" ind1=" " ind2=" ">
            <subfield code="a">B-GEgm</subfield>
         </datafield>
         <datafield tag="043" ind1=" " ind2=" ">
            <subfield code="c">XA-BE</subfield>
         </datafield>
         <datafield tag="110" ind1="2" ind2=" ">
            <subfield code="a">OMV Gasthuismuseum Sint-Dimpna</subfield>
            <subfield code="c">Geel</subfield>
            <subfield code="g">B-GEgm</subfield>
         </datafield>
         <datafield tag="622" ind1=" " ind2=" ">
            <subfield code="e">OMV Gasthuismuseum Sint-Dimpna, Gasthuisstraat 1, 2440 Geel, Belgium</subfield>
            <subfield code="u">http://www.gasthuismuseumgeel.net/</subfield>
         </datafield>
      </record>