
      <record>
         <leader>00000nz  a2200169   4500</leader>
         <controlfield tag="001">30077196</controlfield>
         <controlfield tag="003">RISM</controlfield>
         <controlfield tag="005">20160216</controlfield>
         <controlfield tag="008">160216n||az|||||||##########||||||||||||</controlfield>
         <datafield tag="040" ind1=" " ind2=" ">
            <subfield code="a">B-Gmsk</subfield>
         </datafield>
         <datafield tag="043" ind1=" " ind2=" ">
            <subfield code="c">XA-BE</subfield>
         </datafield>
         <datafield tag="110" ind1="2" ind2=" ">
            <subfield code="a">Museum voor Schone Kunsten</subfield>
            <subfield code="c">Gent</subfield>
            <subfield code="g">B-Gmsk</subfield>
         </datafield>
         <datafield tag="622" ind1=" " ind2=" ">
            <subfield code="e">Museum voor Schone Kunsten, Citadelpark, Fernand Scribedreef 1, 9000 Gent, Belgium</subfield>
            <subfield code="u">http://www.mskgent.be/</subfield>
         </datafield>
      </record>