
      <record>
         <leader>00000nz  a2200169   4500</leader>
         <controlfield tag="001">30077198</controlfield>
         <controlfield tag="003">RISM</controlfield>
         <controlfield tag="005">20160216</controlfield>
         <controlfield tag="008">160216n||az|||||||##########||||||||||||</controlfield>
         <datafield tag="040" ind1=" " ind2=" ">
            <subfield code="a">B-Gra</subfield>
         </datafield>
         <datafield tag="043" ind1=" " ind2=" ">
            <subfield code="c">XA-BE</subfield>
         </datafield>
         <datafield tag="110" ind1="2" ind2=" ">
            <subfield code="a">Rijksarchief</subfield>
            <subfield code="c">Gent</subfield>
            <subfield code="g">B-Gra</subfield>
         </datafield>
         <datafield tag="622" ind1=" " ind2=" ">
            <subfield code="e">Rijksarchief, Geraard de Duivelstraat 1, 9000 Gent, Belgium</subfield>
            <subfield code="u">http://arch.arch.be/</subfield>
         </datafield>
      </record>