
      <record>
         <leader>00000nz  a2200169   4500</leader>
         <controlfield tag="001">30077172</controlfield>
         <controlfield tag="003">RISM</controlfield>
         <controlfield tag="005">20160216</controlfield>
         <controlfield tag="008">160216n||az|||||||##########||||||||||||</controlfield>
         <datafield tag="040" ind1=" " ind2=" ">
            <subfield code="a">B-GRna</subfield>
         </datafield>
         <datafield tag="043" ind1=" " ind2=" ">
            <subfield code="c">XA-BE</subfield>
         </datafield>
         <datafield tag="110" ind1="2" ind2=" ">
            <subfield code="a">Norbertijnenabdij, bibliotheek en archief</subfield>
            <subfield code="c">Grimbergen</subfield>
            <subfield code="g">B-GRna</subfield>
         </datafield>
         <datafield tag="622" ind1=" " ind2=" ">
            <subfield code="e">Norbertijnenabdij, bibliotheek en, archief, Kerkplein 1, 1850 Grimbergen, Belgium</subfield>
            <subfield code="u">http://www.abdijgrimbergen.be/</subfield>
         </datafield>
      </record>