
      <record>
         <leader>00000nz  a2200169   4500</leader>
         <controlfield tag="001">30006472</controlfield>
         <controlfield tag="003">RISM</controlfield>
         <controlfield tag="005">20160216</controlfield>
         <controlfield tag="008">160216n||az|||||||##########||||||||||||</controlfield>
         <datafield tag="040" ind1=" " ind2=" ">
            <subfield code="a">B-HEj</subfield>
         </datafield>
         <datafield tag="043" ind1=" " ind2=" ">
            <subfield code="c">XA-BE</subfield>
         </datafield>
         <datafield tag="110" ind1="2" ind2=" ">
            <subfield code="a">Jezuietenarchief Vlaanderen</subfield>
            <subfield code="c">Heverlee</subfield>
            <subfield code="g">B-HEj</subfield>
         </datafield>
         <datafield tag="622" ind1=" " ind2=" ">
            <subfield code="e">Jezuietenarchief Vlaanderen, Waversebaan 220, 3001 Heverlee, Belgium</subfield>
         </datafield>
      </record>