
      <record>
         <leader>00000nz  a2200169   4500</leader>
         <controlfield tag="001">30000449</controlfield>
         <controlfield tag="003">RISM</controlfield>
         <controlfield tag="005">20160216</controlfield>
         <controlfield tag="008">160216n||az|||||||##########||||||||||||</controlfield>
         <datafield tag="040" ind1=" " ind2=" ">
            <subfield code="a">B-Lc</subfield>
         </datafield>
         <datafield tag="043" ind1=" " ind2=" ">
            <subfield code="c">XA-BE</subfield>
         </datafield>
         <datafield tag="110" ind1="2" ind2=" ">
            <subfield code="a">Conservatoire Royal de Liège, Bibliothèque</subfield>
            <subfield code="c">Liège</subfield>
            <subfield code="g">B-Lc</subfield>
         </datafield>
         <datafield tag="410" ind1="2" ind2=" ">
            <subfield code="a">Conservatoire Royal de Musique, Bibliothèque</subfield>
         </datafield>
         <datafield tag="622" ind1=" " ind2=" ">
            <subfield code="e">Conservatoire Royal de Liège,,  Bibliothèque, Rue Forgeur 14, 4000 Liège, Belgium</subfield>
            <subfield code="u">http://www.crlg.be/</subfield>
         </datafield>
      </record>