
      <record>
         <leader>00000nz  a2200169   4500</leader>
         <controlfield tag="001">30000452</controlfield>
         <controlfield tag="003">RISM</controlfield>
         <controlfield tag="005">20160216</controlfield>
         <controlfield tag="008">160216n||az|||||||##########||||||||||||</controlfield>
         <datafield tag="040" ind1=" " ind2=" ">
            <subfield code="a">B-LIg</subfield>
         </datafield>
         <datafield tag="043" ind1=" " ind2=" ">
            <subfield code="c">XA-BE</subfield>
         </datafield>
         <datafield tag="110" ind1="2" ind2=" ">
            <subfield code="a">St. Gummaruskerk, Archief</subfield>
            <subfield code="c">Lier</subfield>
            <subfield code="g">B-LIg</subfield>
         </datafield>
         <datafield tag="622" ind1=" " ind2=" ">
            <subfield code="e">St. Gummaruskerk, Archief, Rechtestraat, 2500 Lier, Belgium</subfield>
         </datafield>
      </record>