
      <record>
         <leader>00000nz  a2200169   4500</leader>
         <controlfield tag="001">30079489</controlfield>
         <controlfield tag="003">RISM</controlfield>
         <controlfield tag="005">20160216</controlfield>
         <controlfield tag="008">160216n||az|||||||##########||||||||||||</controlfield>
         <datafield tag="040" ind1=" " ind2=" ">
            <subfield code="a">B-Lmvw</subfield>
         </datafield>
         <datafield tag="043" ind1=" " ind2=" ">
            <subfield code="c">BE</subfield>
         </datafield>
         <datafield tag="110" ind1="2" ind2=" ">
            <subfield code="a">Musée de la Vie wallonne</subfield>
            <subfield code="c">Liège</subfield>
            <subfield code="g">B-Lmvw</subfield>
         </datafield>
         <datafield tag="622" ind1=" " ind2=" ">
            <subfield code="e">Musée de la Vie wallonne, Cour des Mineurs, 4000 Liège, Belgium</subfield>
            <subfield code="u">http://www.provincedeliege.be/fr/viewallonne</subfield>
         </datafield>
      </record>