
      <record>
         <leader>00000nz  a2200169   4500</leader>
         <controlfield tag="001">30000450</controlfield>
         <controlfield tag="003">RISM</controlfield>
         <controlfield tag="005">20160216</controlfield>
         <controlfield tag="008">160216n||az|||||||##########||||||||||||</controlfield>
         <datafield tag="040" ind1=" " ind2=" ">
            <subfield code="a">B-Lu</subfield>
         </datafield>
         <datafield tag="043" ind1=" " ind2=" ">
            <subfield code="c">XA-BE</subfield>
         </datafield>
         <datafield tag="110" ind1="2" ind2=" ">
            <subfield code="a">Université de Liège, Bibliothèque</subfield>
            <subfield code="c">Liège</subfield>
            <subfield code="g">B-Lu</subfield>
         </datafield>
         <datafield tag="622" ind1=" " ind2=" ">
            <subfield code="e">Université de Liège, Bibliothèque, Place Cockerill 1, 4000 Liège, Belgium</subfield>
         </datafield>
      </record>