
      <record>
         <leader>00000nz  a2200169   4500</leader>
         <controlfield tag="001">30000454</controlfield>
         <controlfield tag="003">RISM</controlfield>
         <controlfield tag="005">20160216</controlfield>
         <controlfield tag="008">160216n||az|||||||##########||||||||||||</controlfield>
         <datafield tag="040" ind1=" " ind2=" ">
            <subfield code="a">B-M</subfield>
         </datafield>
         <datafield tag="043" ind1=" " ind2=" ">
            <subfield code="c">XA-BE</subfield>
         </datafield>
         <datafield tag="110" ind1="2" ind2=" ">
            <subfield code="a">Conservatoire Royal de Musique, Bibliothèque</subfield>
            <subfield code="c">Mons</subfield>
            <subfield code="g">B-M</subfield>
         </datafield>
         <datafield tag="622" ind1=" " ind2=" ">
            <subfield code="e">Conservatoire Royal de Musique,,  Bibliothèque, Rue de Nimy 7, 7000 Mons, Belgium</subfield>
         </datafield>
      </record>