
      <record>
         <leader>00000nz  a2200169   4500</leader>
         <controlfield tag="001">30000455</controlfield>
         <controlfield tag="003">RISM</controlfield>
         <controlfield tag="005">20160216</controlfield>
         <controlfield tag="008">160216n||az|||||||##########||||||||||||</controlfield>
         <datafield tag="040" ind1=" " ind2=" ">
            <subfield code="a">B-MA</subfield>
         </datafield>
         <datafield tag="043" ind1=" " ind2=" ">
            <subfield code="c">XA-BE</subfield>
         </datafield>
         <datafield tag="110" ind1="2" ind2=" ">
            <subfield code="a">Musée de Mariemont, Bibliothèque</subfield>
            <subfield code="c">Morlanwelz-Mariemont</subfield>
            <subfield code="g">B-MA</subfield>
         </datafield>
         <datafield tag="622" ind1=" " ind2=" ">
            <subfield code="e">Musée de Mariemont, Bibliothèque, Chaussée de Mariemont 100, 6540 Morlanwelz-Mariemont, Belgium</subfield>
         </datafield>
      </record>