
      <record>
         <leader>00000nz  a2200169   4500</leader>
         <controlfield tag="001">30077507</controlfield>
         <controlfield tag="003">RISM</controlfield>
         <controlfield tag="005">20160216</controlfield>
         <controlfield tag="008">160216n||az|||||||##########||||||||||||</controlfield>
         <datafield tag="040" ind1=" " ind2=" ">
            <subfield code="a">B-Ma</subfield>
         </datafield>
         <datafield tag="043" ind1=" " ind2=" ">
            <subfield code="c">BE</subfield>
         </datafield>
         <datafield tag="110" ind1="2" ind2=" ">
            <subfield code="a">Archives de l'État à Mons</subfield>
            <subfield code="c">Mons</subfield>
            <subfield code="g">B-Ma</subfield>
         </datafield>
         <datafield tag="622" ind1=" " ind2=" ">
            <subfield code="e">Archives de l'État à Mons, Avenue des Bassins, 66, 7000  Mons, Belgium</subfield>
            <subfield code="u">http://arch.arch.be/content/view/27/178/lang,fr_BE/</subfield>
         </datafield>
      </record>