
      <record>
         <leader>00000nz  a2200169   4500</leader>
         <controlfield tag="001">30004573</controlfield>
         <controlfield tag="003">RISM</controlfield>
         <controlfield tag="005">20160216</controlfield>
         <controlfield tag="008">160216n||az|||||||##########||||||||||||</controlfield>
         <datafield tag="040" ind1=" " ind2=" ">
            <subfield code="a">B-MAR</subfield>
         </datafield>
         <datafield tag="043" ind1=" " ind2=" ">
            <subfield code="c">XA-BE</subfield>
         </datafield>
         <datafield tag="110" ind1="2" ind2=" ">
            <subfield code="a">Abbaye de Maredsous, Bibliothèque</subfield>
            <subfield code="c">Denée</subfield>
            <subfield code="g">B-MAR</subfield>
         </datafield>
         <datafield tag="622" ind1=" " ind2=" ">
            <subfield code="e">Abbaye de Maredsous, Rue de Maredsous, 11, 5537 Denée, Belgium</subfield>
            <subfield code="u">http://www.maredsous.be</subfield>
         </datafield>
      </record>