
      <record>
         <leader>00000nz  a2200169   4500</leader>
         <controlfield tag="001">30078188</controlfield>
         <controlfield tag="003">RISM</controlfield>
         <controlfield tag="005">20160216</controlfield>
         <controlfield tag="008">160216n||az|||||||##########||||||||||||</controlfield>
         <datafield tag="040" ind1=" " ind2=" ">
            <subfield code="a">B-Mbu</subfield>
         </datafield>
         <datafield tag="043" ind1=" " ind2=" ">
            <subfield code="c">BE</subfield>
         </datafield>
         <datafield tag="110" ind1="2" ind2=" ">
            <subfield code="a">Université de Mons, Bibliothèque central</subfield>
            <subfield code="c">Mons</subfield>
            <subfield code="g">B-Mbu</subfield>
         </datafield>
         <datafield tag="622" ind1=" " ind2=" ">
            <subfield code="e">Université de Mons, Bibliothèque central, rue Marguerite Bervoets, 2, 7000  Mons, Belgium</subfield>
            <subfield code="u">http://portail.umons.ac.be/FR/universite/admin/biblio/bibliotheques_UMONS/bibliotheque_centrale/Pages/default.aspx</subfield>
         </datafield>
      </record>