
      <record>
         <leader>00000nz  a2200169   4500</leader>
         <controlfield tag="001">30006111</controlfield>
         <controlfield tag="003">RISM</controlfield>
         <controlfield tag="005">20160216</controlfield>
         <controlfield tag="008">160216n||az|||||||##########||||||||||||</controlfield>
         <datafield tag="040" ind1=" " ind2=" ">
            <subfield code="a">B-Mse</subfield>
         </datafield>
         <datafield tag="043" ind1=" " ind2=" ">
            <subfield code="c">XA-BE</subfield>
         </datafield>
         <datafield tag="110" ind1="2" ind2=" ">
            <subfield code="a">Église Sainte Elisabeth</subfield>
            <subfield code="c">Mons</subfield>
            <subfield code="g">B-Mse</subfield>
         </datafield>
         <datafield tag="580" ind1=" " ind2=" ">
            <subfield code="x">B-Ma</subfield>
            <subfield code="0">30077507</subfield>
         </datafield>
      </record>