
      <record>
         <leader>00000nz  a2200169   4500</leader>
         <controlfield tag="001">30076113</controlfield>
         <controlfield tag="003">RISM</controlfield>
         <controlfield tag="005">20160216</controlfield>
         <controlfield tag="008">160216n||az|||||||##########||||||||||||</controlfield>
         <datafield tag="040" ind1=" " ind2=" ">
            <subfield code="a">B-Naet</subfield>
         </datafield>
         <datafield tag="043" ind1=" " ind2=" ">
            <subfield code="c">XA-BE</subfield>
         </datafield>
         <datafield tag="110" ind1="2" ind2=" ">
            <subfield code="a">Archives de l'Etat</subfield>
            <subfield code="c">Namur</subfield>
            <subfield code="g">B-Naet</subfield>
         </datafield>
         <datafield tag="622" ind1=" " ind2=" ">
            <subfield code="e">Archives de l'Etat, Rue d'Arquet 45, 5000 Namur, Belgium</subfield>
         </datafield>
      </record>