
      <record>
         <leader>00000nz  a2200169   4500</leader>
         <controlfield tag="001">30061556</controlfield>
         <controlfield tag="003">RISM</controlfield>
         <controlfield tag="005">20160216</controlfield>
         <controlfield tag="008">160216n||az|||||||##########||||||||||||</controlfield>
         <datafield tag="040" ind1=" " ind2=" ">
            <subfield code="a">B-Ngs</subfield>
         </datafield>
         <datafield tag="043" ind1=" " ind2=" ">
            <subfield code="c">XA-BE</subfield>
         </datafield>
         <datafield tag="110" ind1="2" ind2=" ">
            <subfield code="a">Le Grand Séminaire, Bibliothèque</subfield>
            <subfield code="c">Namur</subfield>
            <subfield code="g">B-Ngs</subfield>
         </datafield>
         <datafield tag="622" ind1=" " ind2=" ">
            <subfield code="e">Le Grand Séminaire, Bibliothèque, Rue de Séminaire, 11b, 5000 Namur, Belgium</subfield>
            <subfield code="u">http://www.diocesedenamur.be</subfield>
         </datafield>
      </record>