
      <record>
         <leader>00000nz  a2200169   4500</leader>
         <controlfield tag="001">30006418</controlfield>
         <controlfield tag="003">RISM</controlfield>
         <controlfield tag="005">20160216</controlfield>
         <controlfield tag="008">160216n||az|||||||##########||||||||||||</controlfield>
         <datafield tag="040" ind1=" " ind2=" ">
            <subfield code="a">B-Nimep</subfield>
         </datafield>
         <datafield tag="043" ind1=" " ind2=" ">
            <subfield code="c">XA-BE</subfield>
         </datafield>
         <datafield tag="110" ind1="2" ind2=" ">
            <subfield code="a">Institut Supérieur de Musique et de Pédagogie</subfield>
            <subfield code="c">Namur</subfield>
            <subfield code="g">B-Nimep</subfield>
         </datafield>
         <datafield tag="410" ind1="2" ind2=" ">
            <subfield code="a">IMEP</subfield>
         </datafield>
         <datafield tag="622" ind1=" " ind2=" ">
            <subfield code="e">Institut Supérieur de Musique et de,  Pédagogie, 28 rue Juppin, 5000 Namur, Belgium</subfield>
            <subfield code="u">http://www.imep.be/</subfield>
         </datafield>
      </record>