
      <record>
         <leader>00000nz  a2200169   4500</leader>
         <controlfield tag="001">30077340</controlfield>
         <controlfield tag="003">RISM</controlfield>
         <controlfield tag="005">20160216</controlfield>
         <controlfield tag="008">160216n||az|||||||##########||||||||||||</controlfield>
         <datafield tag="040" ind1=" " ind2=" ">
            <subfield code="a">B-Oa</subfield>
         </datafield>
         <datafield tag="043" ind1=" " ind2=" ">
            <subfield code="c">BE</subfield>
         </datafield>
         <datafield tag="110" ind1="2" ind2=" ">
            <subfield code="a">Archief</subfield>
            <subfield code="c">Oostende</subfield>
            <subfield code="g">B-Oa</subfield>
         </datafield>
         <datafield tag="622" ind1=" " ind2=" ">
            <subfield code="e">Archief, Stadhuis, tweede verdieping, 8400 Oostende, Belgium</subfield>
            <subfield code="u">http://www.oostende.be/archief</subfield>
         </datafield>
      </record>