
      <record>
         <leader>00000nz  a2200169   4500</leader>
         <controlfield tag="001">30079314</controlfield>
         <controlfield tag="003">RISM</controlfield>
         <controlfield tag="005">20160216</controlfield>
         <controlfield tag="008">160216n||az|||||||##########||||||||||||</controlfield>
         <datafield tag="040" ind1=" " ind2=" ">
            <subfield code="a">B-Smc</subfield>
         </datafield>
         <datafield tag="043" ind1=" " ind2=" ">
            <subfield code="c">BE</subfield>
         </datafield>
         <datafield tag="110" ind1="2" ind2=" ">
            <subfield code="a">Archives du Musée du Chapitre. Fonds musical</subfield>
            <subfield code="c">Soignies</subfield>
            <subfield code="g">B-Smc</subfield>
         </datafield>
         <datafield tag="622" ind1=" " ind2=" ">
            <subfield code="e">Archives du Musée du Chapitre. Fonds,  musical, Musée du Chapitre, Rue de la Régence 4, 7060 Soignies, Belgium</subfield>
            <subfield code="u">http://www.collegiale-soignies.be/</subfield>
         </datafield>
      </record>