
      <record>
         <leader>00000nz  a2200169   4500</leader>
         <controlfield tag="001">30006046</controlfield>
         <controlfield tag="003">RISM</controlfield>
         <controlfield tag="005">20160216</controlfield>
         <controlfield tag="008">160216n||az|||||||##########||||||||||||</controlfield>
         <datafield tag="040" ind1=" " ind2=" ">
            <subfield code="a">B-SNabbeel</subfield>
         </datafield>
         <datafield tag="043" ind1=" " ind2=" ">
            <subfield code="c">XA-BE</subfield>
         </datafield>
         <datafield tag="110" ind1="2" ind2=" ">
            <subfield code="a">Privébibliothek P. Van Den Abbeel</subfield>
            <subfield code="c">Sint-Niklaas</subfield>
            <subfield code="g">B-SNabbeel</subfield>
         </datafield>
         <datafield tag="622" ind1=" " ind2=" ">
            <subfield code="e">Privébibliothek P. Van Den Abbeel, Casinostraat 43, 9100 Sint-Niklaas, Belgium</subfield>
         </datafield>
      </record>