
      <record>
         <leader>00000nz  a2200169   4500</leader>
         <controlfield tag="001">30006497</controlfield>
         <controlfield tag="003">RISM</controlfield>
         <controlfield tag="005">20160216</controlfield>
         <controlfield tag="008">160216n||az|||||||##########||||||||||||</controlfield>
         <datafield tag="040" ind1=" " ind2=" ">
            <subfield code="a">B-SSEbc</subfield>
         </datafield>
         <datafield tag="043" ind1=" " ind2=" ">
            <subfield code="c">XA-BE</subfield>
         </datafield>
         <datafield tag="110" ind1="2" ind2=" ">
            <subfield code="a">Bibliothéque Centrale de la Province de Namur</subfield>
            <subfield code="c">Saint-Servais</subfield>
            <subfield code="g">B-SSEbc</subfield>
         </datafield>
         <datafield tag="622" ind1=" " ind2=" ">
            <subfield code="e">Bibliothéque Centrale de la Province de,  Namur, Rue Danhaive 1, 5002 Saint-Servais, Belgium</subfield>
         </datafield>
      </record>