
      <record>
         <leader>00000nz  a2200169   4500</leader>
         <controlfield tag="001">30080614</controlfield>
         <controlfield tag="003">RISM</controlfield>
         <controlfield tag="005">20160216</controlfield>
         <controlfield tag="008">160216n||az|||||||##########||||||||||||</controlfield>
         <datafield tag="040" ind1=" " ind2=" ">
            <subfield code="a">B-Ta</subfield>
         </datafield>
         <datafield tag="043" ind1=" " ind2=" ">
            <subfield code="c">XA-BE</subfield>
         </datafield>
         <datafield tag="110" ind1="2" ind2=" ">
            <subfield code="a">Archives de l'État à Tournai</subfield>
            <subfield code="c">Tournai</subfield>
            <subfield code="g">B-Ta</subfield>
         </datafield>
         <datafield tag="622" ind1=" " ind2=" ">
            <subfield code="e">Archives de l'État à Tournai, Rue des Augustins, 20, 7500 Tournai, Belgium</subfield>
            <subfield code="u">http://goo.gl/NW3K82</subfield>
         </datafield>
      </record>