
      <record>
         <leader>00000nz  a2200169   4500</leader>
         <controlfield tag="001">30080613</controlfield>
         <controlfield tag="003">RISM</controlfield>
         <controlfield tag="005">20160216</controlfield>
         <controlfield tag="008">160216n||az|||||||##########||||||||||||</controlfield>
         <datafield tag="040" ind1=" " ind2=" ">
            <subfield code="a">B-THchat</subfield>
         </datafield>
         <datafield tag="043" ind1=" " ind2=" ">
            <subfield code="c">XA-BE</subfield>
         </datafield>
         <datafield tag="110" ind1="2" ind2=" ">
            <subfield code="a">Centre d’histoire et d’art de la Thudinie</subfield>
            <subfield code="c">Thuin</subfield>
            <subfield code="g">B-THchat</subfield>
         </datafield>
         <datafield tag="622" ind1=" " ind2=" ">
            <subfield code="e">Centre d’histoire et d’art de la,  Thudinie, Rue Maurice des Ombiaux, 6, 6530 Thuin, Belgium</subfield>
            <subfield code="u">http://www.centrecultureldethuin.be/?p=6846</subfield>
         </datafield>
      </record>