
      <record>
         <leader>00000nz  a2200169   4500</leader>
         <controlfield tag="001">30006425</controlfield>
         <controlfield tag="003">RISM</controlfield>
         <controlfield tag="005">20160216</controlfield>
         <controlfield tag="008">160216n||az|||||||##########||||||||||||</controlfield>
         <datafield tag="040" ind1=" " ind2=" ">
            <subfield code="a">B-TOb</subfield>
         </datafield>
         <datafield tag="043" ind1=" " ind2=" ">
            <subfield code="c">XA-BE</subfield>
         </datafield>
         <datafield tag="110" ind1="2" ind2=" ">
            <subfield code="a">Onze-Lieve-Vrouwbasiliek</subfield>
            <subfield code="c">Tongeren</subfield>
            <subfield code="g">B-TOb</subfield>
         </datafield>
         <datafield tag="410" ind1="2" ind2=" ">
            <subfield code="a">Onze-Lieve-Vrouw-Kerk</subfield>
         </datafield>
         <datafield tag="622" ind1=" " ind2=" ">
            <subfield code="e">Onze-Lieve-Vrouwbasiliek, Grote Markt, 3700 Tongeren, Belgium</subfield>
         </datafield>
      </record>