
      <record>
         <leader>00000nz  a2200169   4500</leader>
         <controlfield tag="001">30000459</controlfield>
         <controlfield tag="003">RISM</controlfield>
         <controlfield tag="005">20160216</controlfield>
         <controlfield tag="008">160216n||az|||||||##########||||||||||||</controlfield>
         <datafield tag="040" ind1=" " ind2=" ">
            <subfield code="a">B-Tv</subfield>
         </datafield>
         <datafield tag="043" ind1=" " ind2=" ">
            <subfield code="c">XA-BE</subfield>
         </datafield>
         <datafield tag="110" ind1="2" ind2=" ">
            <subfield code="a">Bibliothèque de la Ville</subfield>
            <subfield code="c">Tournai</subfield>
            <subfield code="g">B-Tv</subfield>
         </datafield>
         <datafield tag="622" ind1=" " ind2=" ">
            <subfield code="e">Bibliothèque de la Ville, 3 Place P.-E. Janson, 7500 Tournai, Belgium</subfield>
         </datafield>
      </record>